@article{hata1980mobile,
  title={Mobile location using signal strength measurements in a cellular system},
  author={Hata, Masaharu and Nagatsu, Takayoshi},
  journal={IEEE Transactions on Vehicular Technology},
  volume={29},
  number={2},
  pages={245--252},
  year={1980},
  publisher={IEEE}
}